@article{Vizzo_2023,
   title={KISS-ICP: In Defense of Point-to-Point ICP - Simple, Accurate, and Robust Registration If Done the Right Way},
   volume={8},
   ISSN={2377-3774},
   url={http://dx.doi.org/10.1109/LRA.2023.3236571},
   DOI={10.1109/lra.2023.3236571},
   number={2},
   journal={IEEE Robotics and Automation Letters},
   publisher={Institute of Electrical and Electronics Engineers (IEEE)},
   author={Vizzo, Ignacio and Guadagnino, Tiziano and Mersch, Benedikt and Wiesmann, Louis and Behley, Jens and Stachniss, Cyrill},
   year={2023},
   month=feb, pages={1029-1036} }

@misc{aoki20243dbbsgloballocalization3d,
      title={3D-BBS: Global Localization for 3D Point Cloud Scan Matching Using Branch-and-Bound Algorithm}, 
      author={Koki Aoki and Kenji Koide and Shuji Oishi and Masashi Yokozuka and Atsuhiko Banno and Junichi Meguro},
      year={2024},
      eprint={2310.10023},
      archivePrefix={arXiv},
      primaryClass={cs.RO},
      url={https://arxiv.org/abs/2310.10023}, 
}

@misc{yang2024depthv2,
      title={Depth Anything V2}, 
      author={Lihe Yang and Bingyi Kang and Zilong Huang and Zhen Zhao and Xiaogang Xu and Jiashi Feng and Hengshuang Zhao},
      year={2024},
      eprint={2406.09414},
      archivePrefix={arXiv},
      primaryClass={cs.CV},
      url={https://arxiv.org/abs/2406.09414}, 
}

@INPROCEEDINGS{Rusu2009,
  author={Rusu, Radu Bogdan and Blodow, Nico and Beetz, Michael},
  booktitle={2009 IEEE International Conference on Robotics and Automation}, 
  title={Fast Point Feature Histograms (FPFH) for 3D registration}, 
  year={2009},
  volume={},
  number={},
  pages={3212-3217},
  keywords={Histograms;Optimization methods;Clouds;Robustness;Performance analysis;Iterative closest point algorithm;Computational complexity;Convergence;Robotics and automation;Intelligent systems},
  doi={10.1109/ROBOT.2009.5152473}}

@INPROCEEDINGS{Kim2018,
  author={Kim, Giseop and Kim, Ayoung},
  booktitle={2018 IEEE/RSJ International Conference on Intelligent Robots and Systems (IROS)}, 
  title={Scan Context: Egocentric Spatial Descriptor for Place Recognition Within 3D Point Cloud Map}, 
  year={2018},
  volume={},
  number={},
  pages={4802-4809},
  keywords={Three-dimensional displays;Sensors;Laser radar;Histograms;Shape;Visualization;Encoding},
  doi={10.1109/IROS.2018.8593953}}

@article{Cui2023,
   title={BoW3D: Bag of Words for Real-Time Loop Closing in 3D LiDAR SLAM},
   volume={8},
   ISSN={2377-3774},
   url={http://dx.doi.org/10.1109/LRA.2022.3221336},
   DOI={10.1109/lra.2022.3221336},
   number={5},
   journal={IEEE Robotics and Automation Letters},
   publisher={Institute of Electrical and Electronics Engineers (IEEE)},
   author={Cui, Yunge and Chen, Xieyuanli and Zhang, Yinlong and Dong, Jiahua and Wu, Qingxiao and Zhu, Feng},
   year={2023},
   month=may, pages={2828-2835} }

@INPROCEEDINGS{Hess2016,
  author={Hess, Wolfgang and Kohler, Damon and Rapp, Holger and Andor, Daniel},
  booktitle={2016 IEEE International Conference on Robotics and Automation (ICRA)}, 
  title={Real-time loop closure in 2D LIDAR SLAM}, 
  year={2016},
  volume={},
  number={},
  pages={1271-1278},
  keywords={Simultaneous localization and mapping;Optimization;Real-time systems;Laser radar;Buildings;Feature extraction;Upper bound},
  doi={10.1109/ICRA.2016.7487258}}

@article{Geiger2013,
  author = {Andreas Geiger and Philip Lenz and Christoph Stiller and Raquel Urtasun},
  title = {Vision meets Robotics: The KITTI Dataset},
  journal = {International Journal of Robotics Research (IJRR)},
  year = {2013}
}

